[gd_scene load_steps=2 format=2]

[ext_resource path="res://scripts/debug/debug_ui.gd" type="Script" id=1]

[node name="DebugUI" type="Control"]
anchor_right = 1.0
anchor_bottom = 1.0
script = ExtResource( 1 )
__meta__ = {
"_edit_use_anchors_": false
}

[node name="ButtonPrevSong" type="Button" parent="."]
margin_left = 16.0
margin_top = 16.0
margin_right = 128.0
margin_bottom = 48.0
text = "Prev Song"
__meta__ = {
"_edit_use_anchors_": false
}

[node name="ButtonNextSong" type="Button" parent="."]
margin_left = 144.0
margin_top = 16.0
margin_right = 256.0
margin_bottom = 48.0
text = "Next Song"

[node name="ButtonPlay" type="Button" parent="."]
margin_left = 272.0
margin_top = 16.0
margin_right = 384.0
margin_bottom = 48.0
text = "Play"

[node name="ButtonStop" type="Button" parent="."]
margin_left = 400.0
margin_top = 16.0
margin_right = 512.0
margin_bottom = 48.0
text = "Stop"
__meta__ = {
"_edit_use_anchors_": false
}

[node name="ButtonHit0" type="Button" parent="."]
margin_left = 16.0
margin_top = 64.0
margin_right = 128.0
margin_bottom = 96.0
text = "Hit 0"
__meta__ = {
"_edit_use_anchors_": false
}

[node name="ButtonHit1" type="Button" parent="."]
margin_left = 144.0
margin_top = 64.0
margin_right = 256.0
margin_bottom = 96.0
text = "Hit 1"
__meta__ = {
"_edit_use_anchors_": false
}

[node name="ButtonHit2" type="Button" parent="."]
margin_left = 272.0
margin_top = 64.0
margin_right = 384.0
margin_bottom = 96.0
text = "Hit 2"
__meta__ = {
"_edit_use_anchors_": false
}

[node name="ButtonHit3" type="Button" parent="."]
margin_left = 400.0
margin_top = 64.0
margin_right = 512.0
margin_bottom = 96.0
text = "Hit 3"
__meta__ = {
"_edit_use_anchors_": false
}

[node name="ButtonHit4" type="Button" parent="."]
margin_left = 528.0
margin_top = 64.0
margin_right = 640.0
margin_bottom = 96.0
text = "Hit 4"
__meta__ = {
"_edit_use_anchors_": false
}
[connection signal="button_down" from="ButtonPrevSong" to="." method="_on_ButtonPrevSong_button_down"]
[connection signal="button_down" from="ButtonNextSong" to="." method="_on_ButtonNextSong_button_down"]
[connection signal="button_down" from="ButtonPlay" to="." method="_on_ButtonPlay_button_down"]
[connection signal="button_down" from="ButtonStop" to="." method="_on_ButtonStop_button_down"]
[connection signal="button_down" from="ButtonHit0" to="." method="_on_ButtonHit0_button_down"]
[connection signal="button_down" from="ButtonHit1" to="." method="_on_ButtonHit1_button_down"]
[connection signal="button_down" from="ButtonHit2" to="." method="_on_ButtonHit2_button_down"]
[connection signal="button_down" from="ButtonHit3" to="." method="_on_ButtonHit3_button_down"]
[connection signal="button_down" from="ButtonHit4" to="." method="_on_ButtonHit4_button_down"]
